@book{USDP,
 author = {Jacobson, Ivar and Booch, Grady and Rumbaugh, James},
 title = {The unified software development process},
 year = {1999},
 isbn = {0-201-57169-2},
 publisher = {Addison-Wesley Longman Publishing Co., Inc.},
 address = {Boston, MA, USA},
}

@article{GAIA,
 author = {Zambonelli, Franco and Jennings, Nicholas R. and Wooldridge, Michael},
 title = {Developing multiagent systems: The Gaia methodology},
 journal = {ACM Trans. Softw. Eng. Methodol.},
 volume = {12},
 issue = {3},
 month = {July},
 year = {2003},
 issn = {1049-331X},
 pages = {317--370},
 numpages = {54},
 url = {http://doi.acm.org/10.1145/958961.958963},
 doi = {http://doi.acm.org/10.1145/958961.958963},
 acmid = {958963},
 publisher = {ACM},
 address = {New York, NY, USA},
 keywords = {Multiagent systems, agent-oriented software engineering, analysis and design methodologies, distributed systems, software architectures},
}

@article{MOISE,
   author = {Hubner, Jomi and Sichman, Jaime and Boissier, Olivier},
   affiliation = {LTI / EP / USP Av. Prof. Luciano Gualberto, 158, trav. 3 05508-900 SÃ£o Paulo, SP},
   title = {A Model for the Structural, Functional, and Deontic Specification of Organizations in Multiagent Systems},
   booktitle = {Advances in Artificial Intelligence},
   series = {Lecture Notes in Computer Science},
   editor = {Bittencourt, Guilherme and Ramalho, Geber},
   publisher = {Springer Berlin / Heidelberg},
   pages = {439-448},
   volume = {2507},
   url = {http://dx.doi.org/10.1007/3-540-36127-8_12},
   year = {2002}
}